%% This BibTeX bibliography file was created using BibDesk.
%% http://bibdesk.sourceforge.net/

%% Created for Christian Reinicke at 2015-08-07 11:10:38 +0200 


%% Saved with string encoding Unicode (UTF-8) 



@inproceedings{Norris,
	Author = {Long, AS and von Abendorff, Eddy and Purves, M and Norris, J and Moritz, Alcindo},
	Booktitle = {75th EAGE Conference \&amp; Exhibition incorporating SPE EUROPEC 2013},
	Date-Added = {2015-08-07 09:10:24 +0000},
	Date-Modified = {2015-08-07 09:10:38 +0000},
	Title = {Simultaneous Long Offset (SLO) towed streamer seismic acquisition},
	Year = {2013}}

@inproceedings{Moritz,
	Author = {Mueller, MB and Robertsson, JOA and Halliday, DF},
	Booktitle = {76th EAGE Conference and Exhibition 2014},
	Date-Added = {2015-08-07 09:05:58 +0000},
	Date-Modified = {2015-08-07 09:06:16 +0000},
	Title = {Simultaneous Source Separation Using Encoded Source Sequences},
	Year = {2014}}

@article{berkhout2008,
	Author = {Berkhout, AJ ``Guus''},
	Date-Added = {2015-08-07 08:51:36 +0000},
	Date-Modified = {2015-08-07 08:51:53 +0000},
	Journal = {The Leading Edge},
	Number = {7},
	Pages = {924--938},
	Publisher = {Society of Exploration Geophysicists},
	Title = {Changing the mindset in seismic data acquisition},
	Volume = {27},
	Year = {2008}}

@article{radon,
	Author = {Ibrahim, Amr and Sacchi, Mauricio D},
	Date-Added = {2015-08-01 13:49:40 +0000},
	Date-Modified = {2015-08-01 13:51:36 +0000},
	Title = {Simultaneous source separation via robust time variant Radon operators},
	Year = {2013}}

@electronic{WorldEnergy,
	Author = {World Energy Council WEC},
	Date-Added = {2015-07-29 10:48:54 +0000},
	Date-Modified = {2015-08-01 13:28:28 +0000},
	Title = {World Energy Resources},
	Url = {http://www.worldenergy.org/wp-content/uploads/2013/10/WEC_Resources_summary-final_180314_TT.pdf},
	Year = {2013},
	Bdsk-Url-1 = {http://www.worldenergy.org/wp-content/uploads/2013/10/WEC_Resources_summary-final_180314_TT.pdf}}

@article{womack1990,
	Author = {Womack, JE and Cruz, JR and Rigdon, HK and Hoover, GM},
	Date-Added = {2015-07-25 15:55:17 +0000},
	Date-Modified = {2015-07-25 15:55:27 +0000},
	Journal = {Geophysics},
	Number = {10},
	Pages = {1389--1396},
	Publisher = {Society of Exploration Geophysicists},
	Title = {Encoding techniques for multiple source point seismic data acquisition},
	Volume = {55},
	Year = {1990}}

@inproceedings{beasley1998,
	Author = {Beasley, Craig J and Chambers, Ronald E and Jiang, Zerong and others},
	Booktitle = {SEG Technical Program Expanded Abstracts},
	Date-Added = {2015-07-25 15:01:35 +0000},
	Date-Modified = {2015-07-25 15:01:44 +0000},
	Number = {1},
	Pages = {133--135},
	Title = {A new look at simultaneous sources},
	Volume = {17},
	Year = {1998}}

@inproceedings{ikelle2007,
	Author = {Ikelle, Luc and others},
	Booktitle = {2007 SEG Annual Meeting},
	Date-Added = {2015-07-25 13:46:48 +0000},
	Date-Modified = {2015-07-25 13:47:03 +0000},
	Organization = {Society of Exploration Geophysicists},
	Title = {Coding And Decoding: Seismic Data Modeling Acquisition And Processing},
	Year = {2007}}

@misc{Vaage,
	Author = {Vaage, Svein Torleif},
	Date-Added = {2015-07-25 12:14:35 +0000},
	Date-Modified = {2015-08-01 13:44:37 +0000},
	Month = jun # {~14},
	Note = {US Patent 6,906,981},
	Publisher = {Google Patents},
	Title = {Method and system for acquiring marine seismic data using multiple seismic sources},
	Year = {2002}}

@webpage{Forbes,
	Author = {Ryan Carlyle},
	Date-Added = {2015-07-24 11:03:14 +0000},
	Date-Modified = {2015-07-24 12:33:54 +0000},
	Keywords = {modern civilization would collapse in a matter of months if oil stopped flowing},
	Lastchecked = {24.07.2015},
	Month = {April},
	Title = {What Are The Top Five Facts Everyone Should Know About Oil Exploration},
	Url = {http://www.forbes.com/sites/quora/2013/04/03/what-are-the-top-five-facts-everyone-should-know-about-oil-exploration/},
	Urldate = {03.04.2013},
	Year = {2013},
	Bdsk-Url-1 = {http://www.forbes.com/sites/quora/2013/04/03/what-are-the-top-five-facts-everyone-should-know-about-oil-exploration/}}

@electronic{JulyMarineAcquisition,
	Author = {Wikigrewal},
	Date-Added = {2015-07-23 09:18:42 +0000},
	Date-Modified = {2015-07-31 10:13:54 +0000},
	Lastchecked = {11.07.2015},
	Month = {July},
	Title = {\url{http://wikigrewal.com/what-is-a-offshore-seismic-survey-vessel/}},
	Url = {http://wikigrewal.com/what-is-a-offshore-seismic-survey-vessel/},
	Year = {2015},
	Bdsk-Url-1 = {http://wikigrewal.com/what-is-a-offshore-seismic-survey-vessel/}}

@article{IbrahimQuality,
	Author = {Ibrahim, Amr and Sacchi, Mauricio D},
	Date-Added = {2015-06-24 10:16:12 +0000},
	Date-Modified = {2015-06-24 10:23:05 +0000},
	Journal = {researchgate.net},
	Title = {Fast simultaneous seismic source separation using Stolt migration and demigration operators.},
	Year = {2015}}

@mastersthesis{Sixue,
	Author = {Sixue Wu},
	Date-Added = {2015-06-21 14:50:25 +0000},
	Date-Modified = {2015-06-21 14:55:09 +0000},
	School = {TU Delft},
	Title = {Seismic deblending by shot repetition},
	Year = {2014}}

@phdthesis{Delphi-Format,
	Author = {Ewoud Jan van Dedem},
	Date-Added = {2015-06-16 10:36:31 +0000},
	Date-Modified = {2015-06-16 10:37:59 +0000},
	School = {TU Delft},
	Title = {3D surface-related multiple prediction},
	Year = {2002}}

@book{Berkhout1982,
	Author = {A.J. Berkhout},
	Date-Added = {2015-06-08 12:05:33 +0000},
	Date-Modified = {2015-06-08 12:15:44 +0000},
	Publisher = {Elsevier},
	Read = {0},
	Title = {Seismic Migration: Imaging of Acoustic Energy by Wave Field Extrapolation, Part A: Theoretical Aspects},
	Year = {1982}}

@phdthesis{Groenestijn_2010,
	Author = {Gert Jan Adriaan van Groenestijn},
	Date-Added = {2015-06-08 10:11:49 +0000},
	Date-Modified = {2015-06-08 10:14:43 +0000},
	School = {TU Delft},
	Title = {Estimation of Primaries and Multiples by Sparse Inversion},
	Year = {2010}}

@article{Mahdad-Deblending-Method,
	Author = {Mahdad, Araz and Doulgeris, Panagiotis and Blacquiere, Gerrit},
	Date-Added = {2015-04-28 09:58:17 +0000},
	Date-Modified = {2015-04-28 09:59:38 +0000},
	Journal = {Geophysics},
	Number = {3},
	Pages = {Q9--Q17},
	Publisher = {Society of Exploration Geophysicists},
	Read = {0},
	Title = {Separation of blended data by iterative estimation and subtraction of blending interference noise},
	Volume = {76},
	Year = {2011}}
